
@ARTICLE{6596523, 
	author={D. T. {Nguyen} and L. B. {Le}}, 
	journal={IEEE Transactions on Smart Grid}, 
	title={Joint Optimization of Electric Vehicle and Home Energy Scheduling Considering User Comfort Preference}, 
	year={2014}, 
	volume={5}, 
	number={1}, 
	pages={188-199}, 
	keywords={building management systems;cost reduction;demand side management;electric vehicles;energy management systems;HVAC;optimisation;scheduling;joint optimization;electric vehicle;home energy scheduling;user comfort preference;electricity cost minimization;household occupancy;EV travel patterns;dynamic storage facility;thermal dynamics;customer occupancy patterns;energy demand reduction;residential community;HVAC;Electricity;Vehicle dynamics;Optimization;Heating;Buildings;Mathematical model;Power generation;Electric vehicle;HVAC system;energy management system;aggregator;day-ahead electricity price;occupancy pattern;travel pattern;cost minimization;user comfort}, 
	doi={10.1109/TSG.2013.2274521}, 
	ISSN={1949-3053}, 
	month={Jan},
}

@ARTICLE{7552560, 
	author={L. {Yu} and T. {Jiang} and Y. {Zou}}, 
	journal={IEEE Internet of Things Journal}, 
	title={Distributed Online Energy Management for Data Centers and Electric Vehicles in Smart Grid}, 
	year={2016}, 
	volume={3}, 
	number={6}, 
	pages={1373-1384}, 
	keywords={computer centres;electric vehicle charging;electric vehicles;energy management systems;minimisation;smart power grids;stochastic programming;Lyapunov optimization technique;uncertain system parameters;DC work-loads;electricity prices;EV charging demands;DC workloads;EV energy demands;DC;distributed data centers;smart grid;electric vehicles;data centers;distributed online energy management;Servers;Distributed databases;Power demand;Internet of things;Electric vehicles;Delays;Algorithm design and analysis;Data centers (DCs);distributed online algorithm;electric vehicles (EVs);energy management;smart grid}, 
	doi={10.1109/JIOT.2016.2602846}, 
	ISSN={2327-4662}, 
	month={Dec},
}

@INPROCEEDINGS{8060306, 
	author={T. {Wei} and {Yanzhi Wang} and Q. {Zhu}}, 
	booktitle={2017 54th ACM/EDAC/IEEE Design Automation Conference (DAC)}, 
	title={Deep reinforcement learning for building HVAC control}, 
	year={2017}, 
	volume={}, 
	number={}, 
	pages={1-6}, 
	keywords={building management systems;buildings (structures);cost reduction;energy consumption;HVAC;learning (artificial intelligence);deep reinforcement learning;building HVAC control;data-driven approach;DRL algorithm;EnergyPlus tool;intelligent scheduling;air conditioning;United States;total energy consumption;HVAC control;energy cost reduction;Buildings;Mathematical model;Training;Learning (artificial intelligence);Meteorology;Aerospace electronics;Neural networks}, 
	doi={10.1145/3061639.3062224}, 
	ISSN={}, 
	month={June},
}

@article{HABIB2015205,
	title = "Impact analysis of vehicle-to-grid technology and charging strategies of electric vehicles on distribution networks - A review",
	journal = "Journal of Power Sources",
	volume = "277",
	pages = "205 - 214",
	year = "2015",
	issn = "0378-7753",
	doi = "https://doi.org/10.1016/j.jpowsour.2014.12.020",
	url = "http://www.sciencedirect.com/science/article/pii/S0378775314020370",
	author = "Salman Habib and Muhammad Kamran and Umar Rashid",
	keywords = "Distribution networks (DNs), Electric vehicles (EVs), Vehicle-to-grid (V2G), System reliability, Ancillary services, Coordinated and un-coordinated charging",
}

@INPROCEEDINGS{4802962, 
	author={Y. {Gurkaynak} and A. {Khaligh}}, 
	booktitle={2009 Twenty-Fourth Annual IEEE Applied Power Electronics Conference and Exposition}, 
	title={Control and Power Management of a Grid Connected Residential Photovoltaic System with Plug-in Hybrid Electric Vehicle (PHEV) Load}, 
	year={2009}, 
	volume={}, 
	number={}, 
	pages={2086-2091}, 
	keywords={DC-AC power convertors;electric current control;hybrid electric vehicles;invertors;load management;photovoltaic power systems;power generation control;power management;grid connected residential photovoltaic system;plug-in hybrid electric vehicle load;solar energy harvesting;current controlled boost converter;maximum power point tracking;energy storage system;current controlled bidirectional DC/AC inverter;current controllers;sliding mode controller;load profile;Control systems;Energy management;Power system management;Photovoltaic systems;Hybrid electric vehicles;Sliding mode control;Batteries;Solar energy;Energy storage;Inverters;analyses;automotive;control;perfect power;photovoltaic;plug-in hybrid electric vehicle;home-to-grid;solar energy;vehicle-to-grid}, 
	doi={10.1109/APEC.2009.4802962}, 
	ISSN={1048-2334}, 
	month={Feb},
}

@ARTICLE{6547831, 
	author={B. {Kim} and S. {Ren} and M. {van der Schaar} and J. {Lee}}, 
	journal={IEEE Journal on Selected Areas in Communications}, 
	title={Bidirectional Energy Trading and Residential Load Scheduling with Electric Vehicles in the Smart Grid}, 
	year={2013}, 
	volume={31}, 
	number={7}, 
	pages={1219-1234}, 
	keywords={electric vehicles;load dispatching;power markets;power system economics;smart power grids;bidirectional energy trading;residential load scheduling;electric vehicles;smart grid;power grid;power system aggregator;electricity load scheduling algorithms;electricity bill;optimal distributed load scheduling algorithm;social welfare;load demand uncetainty;Electricity;Batteries;Energy consumption;Home appliances;Games;Scheduling;Power systems;Bidirectional energy trading;residential load scheduling;electric vehicles;load demand uncertainty;optimization theory;game theory}, 
	doi={10.1109/JSAC.2013.130706}, 
	ISSN={0733-8716}, 
	month={July},
}

@ARTICLE{8335743, 
	author={H. {Ko} and S. {Pack} and V. C. M. {Leung}}, 
	journal={IEEE Transactions on Intelligent Transportation Systems}, 
	title={Mobility-Aware Vehicle-to-Grid Control Algorithm in Microgrids}, 
	year={2018}, 
	volume={19}, 
	number={7}, 
	pages={2165-2174}, 
	keywords={battery powered vehicles;distributed power generation;electric vehicle charging;learning (artificial intelligence);Markov processes;optimal control;power engineering computing;power generation scheduling;vehicle-to-grid;vehicle-to-grid control algorithm;vehicle-to-grid system;electric vehicles;microgrid autonomy;mobility-aware V2G control algorithm;Markov decision process;Vehicle-to-grid;Mathematical model;State of charge;Microgrids;Markov processes;Batteries;Vehicle-to-grid (V2G);electric vehicle (EV);microgrid;Markov decision process (MDP);reinforcement learning (RL)}, 
	doi={10.1109/TITS.2018.2816935}, 
	ISSN={1524-9050}, 
	month={July},
}

@INPROCEEDINGS{7178338, 
	author={A. {Chiş} and J. {Lundén} and V. {Koivunen}}, 
	booktitle={2015 IEEE International Conference on Acoustics, Speech and Signal Processing (ICASSP)}, 
	title={Optimization of plug-in electric vehicle charging with forecasted price}, 
	year={2015}, 
	volume={}, 
	number={}, 
	pages={2086-2089}, 
	keywords={battery powered vehicles;demand side management;economic forecasting;iterative methods;learning (artificial intelligence);Markov processes;optimisation;power engineering computing;power markets;pricing;scheduling;secondary cells;smart power grids;plug-in electric vehicle;PEV battery charging scheduling problem;PEV battery charging optimization;smart grid demand side management;Markov decision process;cost reduction;unknown transition probability;fitted Q-iteration batch reinforcement learning algorithm;kernel-based approximation;day-ahead electricity price forecasting;Batteries;Kernel;Pricing;Electric vehicles;Learning (artificial intelligence);Approximation algorithms;Approximation methods;Plug-in electric vehicles;smart charging;cost reduction;demand side management;reinforcement learning}, 
	doi={10.1109/ICASSP.2015.7178338}, 
	ISSN={1520-6149}, 
	month={April},
}

@ARTICLE{8727484, 
	author={N. {Sadeghianpourhamami} and J. {Deleu} and C. {Develder}}, 
	journal={IEEE Transactions on Smart Grid}, 
	title={Definition and evaluation of model-free coordination of electrical vehicle charging with reinforcement learning}, 
	year={2019}, 
	volume={}, 
	number={}, 
	pages={1-1}, 
	keywords={Load modeling;Electric vehicle charging;Aggregates;Charging stations;Reinforcement learning;Markov processes;Data models;demand response;electric vehicles;batch reinforcement learning.}, 
	doi={10.1109/TSG.2019.2920320}, 
	ISSN={1949-3053}, 
	month={},
}

@article{CHEN2018195,
	title = "Optimal control of HVAC and window systems for natural ventilation through reinforcement learning",
	journal = "Energy and Buildings",
	volume = "169",
	pages = "195 - 205",
	year = "2018",
	issn = "0378-7788",
	doi = "https://doi.org/10.1016/j.enbuild.2018.03.051",
	url = "http://www.sciencedirect.com/science/article/pii/S0378778818302184",
	author = "Yujiao Chen and Leslie K. Norford and Holly W. Samuelson and Ali Malkawi",
}

@article{SMARRA20181252,
	title = "Data-driven model predictive control using random forests for building energy optimization and climate control",
	journal = "Applied Energy",
	volume = "226",
	pages = "1252 - 1272",
	year = "2018",
	issn = "0306-2619",
	doi = "https://doi.org/10.1016/j.apenergy.2018.02.126",
	url = "http://www.sciencedirect.com/science/article/pii/S0306261918302575",
	author = "Francesco Smarra and Achin Jain and Tullio de Rubeis and Dario Ambrosini and Alessandro Dâ€™Innocenzo and Rahul Mangharam",
	keywords = "Building control, Energy optimization, Demand response, Machine learning, Random forests, Receding horizon control",
}

@INPROCEEDINGS{6102330, 
	author={ {Wenbo Shi} and V. W. S. {Wong}}, 
	booktitle={2011 IEEE International Conference on Smart Grid Communications (SmartGridComm)}, 
	title={Real-time vehicle-to-grid control algorithm under price uncertainty}, 
	year={2011}, 
	volume={}, 
	number={}, 
	pages={261-266}, 
	keywords={distributed power generation;electric vehicles;frequency control;load flow control;Markov processes;power grids;power markets;real-time vehicle-to-grid control;price uncertainty;energy flow;electric vehicles;distributed power;frequency regulation service;electricity price;Markov chain;Markov decision process;current control operation;Q-learning;electricity market;Pricing;Real time systems;System-on-a-chip;Electricity;Batteries;Uncertainty;Frequency control}, 
	doi={10.1109/SmartGridComm.2011.6102330}, 
	ISSN={}, 
	month={Oct},
}

@INPROCEEDINGS{6695263, 
	author={A. {Chiş} and J. {Lundén} and V. {Koivunen}}, 
	booktitle={IEEE PES ISGT Europe 2013}, 
	title={Scheduling of plug-in electric vehicle battery charging with price prediction}, 
	year={2013}, 
	volume={}, 
	number={}, 
	pages={1-5}, 
	keywords={demand side management;electric vehicles;Markov processes;pricing;secondary cells;smart power grids;plug-in electric vehicle battery charging scheduling;price prediction;Sarsa reinforcement learning method;demand side management;smart grids;charging cost;Markov decision process;MDP;pricing patterns;day-ahead prices;true pricing data;cost savings;Batteries;Optimal scheduling;Smart grids;Prediction algorithms;Energy consumption;Pricing;Electricity;Smart Grid;Plug-In Electric Vehicle;Markov decision process;Price prediction}, 
	doi={10.1109/ISGTEurope.2013.6695263}, 
	ISSN={2165-4816}, 
	month={Oct},
}

@ARTICLE{7401112, 
	author={F. {Ruelens} and B. J. {Claessens} and S. {Vandael} and B. {De Schutter} and R. {Babuška} and R. {Belmans}}, 
	journal={IEEE Transactions on Smart Grid}, 
	title={Residential Demand Response of Thermostatically Controlled Loads Using Batch Reinforcement Learning}, 
	year={2017}, 
	volume={8}, 
	number={5}, 
	pages={2149-2159}, 
	keywords={demand side management;heat pumps;learning (artificial intelligence);Monte Carlo methods;power engineering computing;power markets;residential demand response;thermostatically controlled loads;batch reinforcement learning;model-based approaches;batch RL techniques;system identification step;fitted Q-iteration;policy adjustment method;open-loop schedule;day-ahead market;model-free Monte Carlo method;state-action value function;Q-function;day-ahead schedule;heat-pump thermostat;Load management;Water heating;Resistance heating;Atmospheric modeling;Load modeling;Feature extraction;Learning (artificial intelligence);Batch reinforcement learning;demand response;electric water heater;fitted Q-iteration;heat pump}, 
	doi={10.1109/TSG.2016.2517211}, 
	ISSN={1949-3053}, 
	month={Sep.},
}

@ARTICLE{7056534, 
	author={S. {Vandael} and B. {Claessens} and D. {Ernst} and T. {Holvoet} and G. {Deconinck}}, 
	journal={IEEE Transactions on Smart Grid}, 
	title={Reinforcement Learning of Heuristic EV Fleet Charging in a Day-Ahead Electricity Market}, 
	year={2015}, 
	volume={6}, 
	number={4}, 
	pages={1795-1805}, 
	keywords={battery powered vehicles;learning (artificial intelligence);power engineering computing;power markets;power system planning;secondary cells;stochastic programming;batch mode reinforcement learning;heuristic EV fleet charging;day-ahead electricity market;cost-effective day-ahead consumption plan;plug-in times;power limitations;battery size;power curve;resulting charging behavior;multistage stochastic programming solution;Schedules;Batteries;Learning (artificial intelligence);Electricity supply industry;Stochastic processes;Aerospace electronics;Benchmark testing;Demand-side management;electric vehicles (EVs);reinforcement learning (RL);stochastic programming (SP);Demand-side management;electric vehicles (EVs);reinforcement learning (RL);stochastic programming (SP)}, 
	doi={10.1109/TSG.2015.2393059}, 
	ISSN={1949-3053}, 
	month={July},
}

@article{LDPWB2012,
	author = {Lee, D and Powell, W.B.},
	year = {2012},
	month = {01},
	pages = {316-322},
	title = {An intelligent battery controller using bias-corrected Q-learning},
	volume = {1},
	journal = {Proceedings of the National Conference on Artificial Intelligence}
}

@ARTICLE{4717266, 
	author={D. {Ernst} and M. {Glavic} and F. {Capitanescu} and L. {Wehenkel}}, 
	journal={IEEE Transactions on Systems, Man, and Cybernetics, Part B (Cybernetics)}, 
	title={Reinforcement Learning Versus Model Predictive Control: A Comparison on a Power System Problem}, 
	year={2009}, 
	volume={39}, 
	number={2}, 
	pages={517-529}, 
	keywords={closed loop systems;control system synthesis;nonlinear control systems;open loop systems;optimal control;power system control;predictive control;unsupervised learning;reinforcement learning;model predictive control;power system problem;nonlinear controller synthesis;deterministic electrical power oscillations damping problem;discrete-time optimal control problem;cost function;open-loop policies;interior-point solver;minimization problem;model-free way closed-loop policies;batch-mode supervised learning;Power system modeling;Learning;Predictive models;Predictive control;Power system control;Power systems;Open loop systems;Optimal control;Control system synthesis;Damping;Approximate dynamic programming (ADP);electric power oscillations damping;fitted $Q$ iteration;interior-point method (IPM);model predictive control (MPC);reinforcement learning (RL);tree-based supervised learning (SL);Approximate dynamic programming (ADP);electric power oscillations damping;fitted $Q$ iteration;interior-point method (IPM);model predictive control (MPC);reinforcement learning (RL);tree-based supervised learning (SL)}, 
	doi={10.1109/TSMCB.2008.2007630}, 
	ISSN={1083-4419}, 
	month={April},
}

@ARTICLE{6892986, 
	author={H. T. {Nguyen} and D. T. {Nguyen} and L. B. {Le}}, 
	journal={IEEE Transactions on Smart Grid}, 
	title={Energy Management for Households With Solar Assisted Thermal Load Considering Renewable Energy and Price Uncertainty}, 
	year={2015}, 
	volume={6}, 
	number={1}, 
	pages={301-314}, 
	keywords={building management systems;cost reduction;energy management systems;HVAC;power generation scheduling;solar heating;energy scheduling problem;solar assisted heating;ventilation;air conditioning;water heating system;real-time pricing environment;thermal comfort requirements;thermal dynamics;electricity price uncertainty;solar energy;solar source;home hot water demand;user thermal indoor temperature preference;user comfort tolerance;electricity cost reduction;electricity consumption load profile;solar assisted thermal system factors;energy management;Water heating;Solar heating;Electricity;Uncertainty;Thermal loading;Storage tanks;Comfort constraints;demand response (DR);energy optimization problem;heating, ventilation and air conditioning (HVAC) scheduling;home energy management;thermal dynamics;Comfort constraints;demand response (DR);energy optimization problem;heating;ventilation;air conditioning (HVAC) scheduling;home energy management;thermal dynamics}, 
	doi={10.1109/TSG.2014.2350831}, 
	ISSN={1949-3053}, 
	month={Jan},
}

@Article{en11082010,
	AUTHOR = {Kim, Sunyong and Lim, Hyuk},
	TITLE = {Reinforcement Learning Based Energy Management Algorithm for Smart Energy Buildings},
	JOURNAL = {Energies},
	VOLUME = {11},
	YEAR = {2018},
	NUMBER = {8},
	ARTICLE-NUMBER = {2010},
	URL = {https://www.mdpi.com/1996-1073/11/8/2010},
	ISSN = {1996-1073},
	DOI = {10.3390/en11082010}
}
